<record><leader>00000cas a22000007a 4500</leader><controlfield tag="001">18386136</controlfield><controlfield tag="008">880822d18861887ohuwr ne      0    0eng d</controlfield><datafield ind1=" " ind2=" " tag="010"><subfield code="a">sn 88077716 </subfield></datafield><datafield ind1=" " ind2=" " tag="040"><subfield code="a">ONP</subfield><subfield code="b">eng</subfield><subfield code="c">ONP</subfield><subfield code="d">OCLCQ</subfield></datafield><datafield ind1=" " ind2=" " tag="042"><subfield code="a">msc</subfield></datafield><datafield ind1="0" ind2="0" tag="245"><subfield code="a">Columbus telegram.</subfield></datafield><datafield ind1=" " ind2=" " tag="260"><subfield code="a">Columbus, Ohio :</subfield><subfield code="b">Columbus Telegram Co.,</subfield><subfield code="c">1886-1887.</subfield></datafield><datafield ind1=" " ind2=" " tag="310"><subfield code="a">Weekly</subfield></datafield><datafield ind1="0" ind2=" " tag="362"><subfield code="a">Vol. 1, no. 1 (Oct. 30, 1886)-v. 2, no. 4 (Nov. 19, 1887).</subfield></datafield><datafield ind1=" " ind2=" " tag="752"><subfield code="a">United States</subfield><subfield code="b">Ohio</subfield><subfield code="c">Franklin</subfield><subfield code="d">Columbus.</subfield></datafield><datafield ind1="0" ind2="7" tag="785"><subfield code="t">Sunday morning news (Columbus, Ohio : 1867)</subfield><subfield code="w">(DLC)sn 84028672</subfield></datafield><datafield ind1="0" ind2="7" tag="785"><subfield code="t">Sunday morning news and the telegram</subfield><subfield code="w">(DLC)sn 88077717</subfield></datafield></record>